@misc{website,
author = {Schneider, Thomas},
title = {Vorlesung {Beschreibungslogik}},
month = jul,
year = {2016},
howpublished = {\url{http://http://www.informatik.uni-bremen.de/tdki/lehre/ss16/bl/}},
note = {Last accessed on 2016-12-04}
}
